%Methods

@article{buonomano1995temporal,
  title={Temporal information transformed into a spatial code by a neural network with realistic properties},
  author={Buonomano, Dean V and Merzenich, Michael M},
  journal={Science},
  volume={267},
  number={5200},
  pages={1028--1030},
  year={1995},
  publisher={American Association for the Advancement of Science}
}

@article{rey2015past,
  title={Past, present and future of spike sorting techniques},
  author={Rey, Hernan Gonzalo and Pedreira, Carlos and Quiroga, Rodrigo Quian},
  journal={Brain research bulletin},
  volume={119},
  pages={106--117},
  year={2015},
  publisher={Elsevier}
}

@article{xu2001monte,
  title={Monte Carlo cross validation},
  author={Xu, Qing-Song and Liang, Yi-Zeng},
  journal={Chemometrics and Intelligent Laboratory Systems},
  volume={56},
  number={1},
  pages={1--11},
  year={2001},
  publisher={Elsevier}
}

@MastersThesis{Eliezyer2018,
    author     =     {Eliezyer Fermino de Oliveira},
    title     =     {{Electrophysiological characterization of prefrontal-striatal pathway in temporal task learning}},
    school     =     {Universidade Federal do ABC},
    address     =     {São Bernardo do Campo, São Paulo},
    year     =     {2018},
    }
back

@article{gu2015oscillatory,
  title={Oscillatory multiplexing of neural population codes for interval timing and working memory},
  author={Gu, Bon-Mi and van Rijn, Hedderik and Meck, Warren H},
  journal={Neuroscience \& Biobehavioral Reviews},
  volume={48},
  pages={160--185},
  year={2015},
  publisher={Elsevier}
}

@article{phelps2004extinction,
  title={Extinction learning in humans: role of the amygdala and vmPFC},
  author={Phelps, Elizabeth A and Delgado, Mauricio R and Nearing, Katherine I and LeDoux, Joseph E},
  journal={Neuron},
  volume={43},
  number={6},
  pages={897--905},
  year={2004},
  publisher={Elsevier}
}

@article{rogalsky2012risky,
  title={Risky decision-making in older adults without cognitive deficits: an fMRI study of VMPFC using the Iowa Gambling Task},
  author={Rogalsky, Corianne and Vidal, Christine and Li, Xiangrui and Damasio, Hanna},
  journal={Social neuroscience},
  volume={7},
  number={2},
  pages={178--190},
  year={2012},
  publisher={Taylor \& Francis}
}

@article{balleine2007still,
  title={Still at the Choice-Point},
  author={Balleine, Bernard W and Ostlund, Sean B},
  journal={Annals of the New York Academy of Sciences},
  volume={1104},
  number={1},
  pages={147--171},
  year={2007},
  publisher={Wiley Online Library}
}

@article{king2014characterizing,
  title={Characterizing the dynamics of mental representations: the temporal generalization method},
  author={King, JR and Dehaene, Stanislas},
  journal={Trends in cognitive sciences},
  volume={18},
  number={4},
  pages={203--210},
  year={2014},
  publisher={Elsevier}
}

@inproceedings{kohavi1995study,
  title={A study of cross-validation and bootstrap for accuracy estimation and model selection},
  author={Kohavi, Ron and others},
  booktitle={Ijcai},
  volume={14},
  number={2},
  pages={1137--1145},
  year={1995},
  organization={Montreal, Canada}
}

@inproceedings{lee2008sparse,
  title={Sparse deep belief net model for visual area V2},
  author={Lee, Honglak and Ekanadham, Chaitanya and Ng, Andrew Y},
  booktitle={Advances in neural information processing systems},
  pages={873--880},
  year={2008}
}

@article{eichenbaum2014time,
  title={Time cells in the hippocampus: a new dimension for mapping memories},
  author={Eichenbaum, Howard},
  journal={Nature Reviews Neuroscience},
  volume={15},
  number={11},
  pages={732},
  year={2014},
  publisher={Nature Publishing Group}
}

@article{ito2004representation,
  title={Representation of angles embedded within contour stimuli in area V2 of macaque monkeys},
  author={Ito, Minami and Komatsu, Hidehiko},
  journal={Journal of Neuroscience},
  volume={24},
  number={13},
  pages={3313--3324},
  year={2004},
  publisher={Soc Neuroscience}
}

@article{dayan2008decision,
  title={Decision theory, reinforcement learning, and the brain},
  author={Dayan, Peter and Daw, Nathaniel D},
  journal={Cognitive, Affective, \& Behavioral Neuroscience},
  volume={8},
  number={4},
  pages={429--453},
  year={2008},
  publisher={Springer}
}

@article{narayanan2006reversible,
  title={Reversible inactivations of rat medial prefrontal cortex impair the ability to wait for a stimulus},
  author={Narayanan, NS and Horst, NK and Laubach, Mark},
  journal={Neuroscience},
  volume={139},
  number={3},
  pages={865--876},
  year={2006},
  publisher={Elsevier}
}

@article{kaplan2017role,
  title={The role of mental maps in decision-making},
  author={Kaplan, Raphael and Schuck, Nicolas W and Doeller, Christian F},
  journal={Trends in neurosciences},
  volume={40},
  number={5},
  pages={256--259},
  year={2017},
  publisher={Elsevier}
}

@article{dohmatob2017dark,
  title={Dark Control: A Unified Account of Default Mode Function by Control Theory and Reinforcement Learning},
  author={Dohmatob, Elvis and Dumas, Guillaume and Bzdok, Danilo},
  journal={bioRxiv},
  pages={148890},
  year={2017},
  publisher={Cold Spring Harbor Laboratory}
}

@article{balsam2002timing,
  title={Timing at the start of associative learning},
  author={Balsam, Peter D and Drew, Michael R and Yang, Cynthia},
  journal={Learning and Motivation},
  volume={33},
  number={1},
  pages={141--155},
  year={2002},
  publisher={Elsevier}
}

@article{wu2015optogenetic,
  title={Optogenetic stimulation of mPFC pyramidal neurons as a conditioned stimulus supports associative learning in rats},
  author={Wu, Guang-yan and Liu, Guo-long and Zhang, Hui-min and Chen, Chong and Liu, Shu-lei and Feng, Hua and Sui, Jian-feng},
  journal={Scientific reports},
  volume={5},
  pages={10065},
  year={2015},
  publisher={Nature Publishing Group}
}

@article{takehara2008spontaneous,
  title={Spontaneous changes of neocortical code for associative memory during consolidation},
  author={Takehara-Nishiuchi, Kaori and McNaughton, Bruce L},
  journal={Science},
  volume={322},
  number={5903},
  pages={960--963},
  year={2008},
  publisher={American Association for the Advancement of Science}
}

@article{puig2014prefrontal,
  title={Prefrontal dopamine in associative learning and memory},
  author={Puig, M Victoria and Antzoulatos, Evan G and Miller, Earl K},
  journal={Neuroscience},
  volume={282},
  pages={217--229},
  year={2014},
  publisher={Elsevier}
}

@article{puig2012role,
  title={The role of prefrontal dopamine D1 receptors in the neural mechanisms of associative learning},
  author={Puig, M Victoria and Miller, Earl K},
  journal={Neuron},
  volume={74},
  number={5},
  pages={874--886},
  year={2012},
  publisher={Elsevier}
}

@article{smith2013dual,
  title={A dual operator view of habitual behavior reflecting cortical and striatal dynamics},
  author={Smith, Kyle S and Graybiel, Ann M},
  journal={Neuron},
  volume={79},
  number={2},
  pages={361--374},
  year={2013},
  publisher={Elsevier}
}

@article{liljeholm2012contributions,
  title={Contributions of the striatum to learning, motivation, and performance: an associative account},
  author={Liljeholm, Mimi and O’Doherty, John P},
  journal={Trends in cognitive sciences},
  volume={16},
  number={9},
  pages={467--475},
  year={2012},
  publisher={Elsevier}
}

@article{li2011differential,
  title={Differential roles of human striatum and amygdala in associative learning},
  author={Li, Jian and Schiller, Daniela and Schoenbaum, Geoffrey and Phelps, Elizabeth A and Daw, Nathaniel D},
  journal={Nature neuroscience},
  volume={14},
  number={10},
  pages={1250},
  year={2011},
  publisher={Nature Publishing Group}
}

@article{molet2014timing,
  title={Timing: an attribute of associative learning},
  author={Molet, Mikael and Miller, Ralph R},
  journal={Behavioural processes},
  volume={101},
  pages={4--14},
  year={2014},
  publisher={Elsevier}
}

@article{balsam2009temporal,
  title={Temporal maps and informativeness in associative learning},
  author={Balsam, Peter D and Gallistel, C Randy},
  journal={Trends in neurosciences},
  volume={32},
  number={2},
  pages={73--78},
  year={2009},
  publisher={Elsevier}
}

@article{kirkpatrick2016associative,
  title={Associative learning and timing},
  author={Kirkpatrick, Kimberly and Balsam, Peter D},
  journal={Current opinion in behavioral sciences},
  volume={8},
  pages={181--185},
  year={2016},
  publisher={Elsevier}
}

@article{bell1997independent,
  title={The “independent components” of natural scenes are edge filters},
  author={Bell, Anthony J and Sejnowski, Terrence J},
  journal={Vision research},
  volume={37},
  number={23},
  pages={3327--3338},
  year={1997},
  publisher={Elsevier}
}

@article{helmert2006fast,
  title={The fast downward planning system},
  author={Helmert, Malte},
  journal={Journal of Artificial Intelligence Research},
  volume={26},
  pages={191--246},
  year={2006}
}

@article{miller2001integrative,
  title={An integrative theory of prefrontal cortex function},
  author={Miller, Earl K and Cohen, Jonathan D},
  journal={Annual review of neuroscience},
  volume={24},
  number={1},
  pages={167--202},
  year={2001},
  publisher={Annual Reviews 4139 El Camino Way, PO Box 10139, Palo Alto, CA 94303-0139, USA}
}

@book{von2012computer,
  title={The computer and the brain},
  author={Von Neumann, John},
  year={2012},
  publisher={Yale University Press}
}

@article{harpaz2014scale,
  title={Scale-invariant movement encoding in the human motor system},
  author={Harpaz, Naama Kadmon and Flash, Tamar and Dinstein, Ilan},
  journal={Neuron},
  volume={81},
  number={2},
  pages={452--462},
  year={2014},
  publisher={Elsevier}
}

@article{seth2016active,
  title={Active interoceptive inference and the emotional brain},
  author={Seth, Anil K and Friston, Karl J},
  journal={Phil. Trans. R. Soc. B},
  volume={371},
  number={1708},
  pages={20160007},
  year={2016},
  publisher={The Royal Society}
}

@article{poggio2012levels,
  title={The levels of understanding framework, revised},
  author={Poggio, Tomaso},
  journal={Perception},
  volume={41},
  number={9},
  pages={1017--1023},
  year={2012},
  publisher={SAGE Publications Sage UK: London, England}
}

@article{marr1982vision,
  title={Vision: A computational investigation into the human representation and processing of visual information, henry holt and co},
  author={Marr, David},
  journal={Inc., New York, NY},
  volume={2},
  number={4.2},
  year={1982}
}

@article{fukushima1980neocognitron,
  title={Neocognitron: A self-organizing neural network model for a mechanism of pattern recognition unaffected by shift in position},
  author={Fukushima, Kunihiko},
  journal={Biological cybernetics},
  volume={36},
  number={4},
  pages={193--202},
  year={1980},
  publisher={Springer}
}

@article{mcculloch1943logical,
  title={A logical calculus of the ideas immanent in nervous activity},
  author={McCulloch, Warren S and Pitts, Walter},
  journal={The bulletin of mathematical biophysics},
  volume={5},
  number={4},
  pages={115--133},
  year={1943},
  publisher={Springer}
}

@article{mcclelland1986parallel,
  title={Parallel distributed processing},
  author={McClelland, James L and Rumelhart, David E and PDP Research Group and others},
  journal={Explorations in the Microstructure of Cognition},
  volume={2},
  pages={216--271},
  year={1986},
  publisher={MIT Press Cambridge, Ma}
}

@article{nachev2008functional,
  title={Functional role of the supplementary and pre-supplementary motor areas},
  author={Nachev, Parashkev and Kennard, Christopher and Husain, Masud},
  journal={Nature Reviews Neuroscience},
  volume={9},
  number={11},
  pages={856},
  year={2008},
  publisher={Nature Publishing Group}
}

@article{graziano2016ethological,
  title={Ethological action maps: a paradigm shift for the motor cortex},
  author={Graziano, Michael SA},
  journal={Trends in cognitive sciences},
  volume={20},
  number={2},
  pages={121--132},
  year={2016},
  publisher={Elsevier}
}

@article{foster2006reverse,
  title={Reverse replay of behavioural sequences in hippocampal place cells during the awake state},
  author={Foster, David J and Wilson, Matthew A},
  journal={Nature},
  volume={440},
  number={7084},
  pages={680},
  year={2006},
  publisher={Nature Publishing Group}
}

@article{o1979review,
  title={A review of the hippocampal place cells},
  author={O'Keefe, John},
  journal={Progress in neurobiology},
  volume={13},
  number={4},
  pages={419--439},
  year={1979},
  publisher={Elsevier}
}

@article{wilson2014orbitofrontal,
  title={Orbitofrontal cortex as a cognitive map of task space},
  author={Wilson, Robert C and Takahashi, Yuji K and Schoenbaum, Geoffrey and Niv, Yael},
  journal={Neuron},
  volume={81},
  number={2},
  pages={267--279},
  year={2014},
  publisher={Elsevier}
}

@article{wikenheiser2016over,
  title={Over the river, through the woods: cognitive maps in the hippocampus and orbitofrontal cortex},
  author={Wikenheiser, Andrew M and Schoenbaum, Geoffrey},
  journal={Nature Reviews Neuroscience},
  volume={17},
  number={8},
  pages={513},
  year={2016},
  publisher={Nature Publishing Group}
}


@article{bechara2000emotion,
  title={Emotion, decision making and the orbitofrontal cortex},
  author={Bechara, Antoine and Damasio, Hanna and Damasio, Antonio R},
  journal={Cerebral cortex},
  volume={10},
  number={3},
  pages={295--307},
  year={2000},
  publisher={Oxford University Press}
}

@article{berlin2004impulsivity,
  title={Impulsivity, time perception, emotion and reinforcement sensitivity in patients with orbitofrontal cortex lesions},
  author={Berlin, HA and Rolls, ET and Kischka, U},
  journal={Brain},
  volume={127},
  number={5},
  pages={1108--1126},
  year={2004},
  publisher={Oxford University Press}
}

@article{schuck2016human,
  title={Human orbitofrontal cortex represents a cognitive map of state space},
  author={Schuck, Nicolas W and Cai, Ming Bo and Wilson, Robert C and Niv, Yael},
  journal={Neuron},
  volume={91},
  number={6},
  pages={1402--1412},
  year={2016},
  publisher={Elsevier}
}

@article{merchant2008we,
  title={Do we have a common mechanism for measuring time in the hundreds of millisecond range? Evidence from multiple-interval timing tasks},
  author={Merchant, Hugo and Zarco, Wilbert and Prado, Luis},
  journal={Journal of Neurophysiology},
  volume={99},
  number={2},
  pages={939--949},
  year={2008},
  publisher={American Physiological Society}
}

@article{meck2008cortico,
  title={Cortico-striatal representation of time in animals and humans},
  author={Meck, Warren H and Penney, Trevor B and Pouthas, Viviane},
  journal={Current opinion in neurobiology},
  volume={18},
  number={2},
  pages={145--152},
  year={2008},
  publisher={Elsevier}
}

@article{jazayeri2010temporal,
  title={Temporal context calibrates interval timing},
  author={Jazayeri, Mehrdad and Shadlen, Michael N},
  journal={Nature neuroscience},
  volume={13},
  number={8},
  pages={1020},
  year={2010},
  publisher={Nature Publishing Group}
}

@article{lusk2016utilizing,
  title={Utilizing the Cortico-Striatal Projectome to Advance the Study of Timing and Time Perception},
  author={Lusk, Nicholas A and Buonomano, Dean V},
  journal={Timing \& Time Perception},
  volume={4},
  number={4},
  pages={411--422},
  year={2016},
  publisher={Brill}
}

@article{fernandes2017episodic,
  title={Episodic, Semantic, Pavlovian, and Procedural Cognitive Maps},
  author={Fernandes, Jose JF Ribas and Holroyd, Clay B},
  journal={bioRxiv},
  pages={161141},
  year={2017},
  publisher={Cold Spring Harbor Laboratory}
}

@article{hamilton2007motor,
  title={The motor hierarchy: from kinematics to goals and intentions},
  author={Hamilton, AF and Grafton, Scott T},
  journal={Sensorimotor foundations of higher cognition},
  volume={22},
  pages={381--408},
  year={2007},
  publisher={Oxford University Press, Oxford, UK}
}

@article{deyoe1988concurrent,
  title={Concurrent processing streams in monkey visual cortex},
  author={DeYoe, Edgar A and Van Essen, David C},
  journal={Trends in neurosciences},
  volume={11},
  number={5},
  pages={219--226},
  year={1988},
  publisher={Elsevier}
}

@article{dickinson2015instrumental,
  title={Instrumental conditioning},
  author={Dickinson, Anthony},
  journal={Encyclopedia of Psychopharmacology},
  pages={823--828},
  year={2015},
  publisher={Springer}
}

@article{balleine1998goal,
  title={Goal-directed instrumental action: contingency and incentive learning and their cortical substrates},
  author={Balleine, Bernard W and Dickinson, Anthony},
  journal={Neuropharmacology},
  volume={37},
  number={4-5},
  pages={407--419},
  year={1998},
  publisher={Elsevier}
}

@article{balleine2007role,
  title={The role of the dorsal striatum in reward and decision-making},
  author={Balleine, Bernard W and Delgado, Mauricio R and Hikosaka, Okihide},
  journal={Journal of Neuroscience},
  volume={27},
  number={31},
  pages={8161--8165},
  year={2007},
  publisher={Soc Neuroscience}
}

@article{quiroga2009extracting,
  title={Extracting information from neuronal populations: information theory and decoding approaches},
  author={Quiroga, Rodrigo Quian and Panzeri, Stefano},
  journal={Nature Reviews Neuroscience},
  volume={10},
  number={3},
  pages={173},
  year={2009},
  publisher={Nature Publishing Group}
}

@article{friston2010free,
  title={The free-energy principle: a unified brain theory?},
  author={Friston, Karl},
  journal={Nature Reviews Neuroscience},
  volume={11},
  number={2},
  pages={127},
  year={2010},
  publisher={Nature Publishing Group}
}

@article{haxby2012multivariate,
  title={Multivariate pattern analysis of fMRI: the early beginnings},
  author={Haxby, James V},
  journal={Neuroimage},
  volume={62},
  number={2},
  pages={852--855},
  year={2012},
  publisher={Elsevier}
}

@article{motanis2018short,
  title={Short-term synaptic plasticity as a mechanism for sensory timing},
  author={Motanis, Helen and Seay, Michael J and Buonomano, Dean V},
  journal={Trends in Neurosciences},
  volume={41},
  number={10},
  pages={701--711},
  year={2018},
  publisher={Elsevier}
}

@article{wolff2017dynamic,
  title={Dynamic hidden states underlying working-memory-guided behavior},
  author={Wolff, Michael J and Jochim, Janina and Aky{\"u}rek, Elkan G and Stokes, Mark G},
  journal={Nature neuroscience},
  volume={20},
  number={6},
  pages={864},
  year={2017},
  publisher={Nature Publishing Group}
}

@article{rosch1991embodied,
  title={The embodied mind},
  author={Rosch, Eleanor and Varela, Francisco and Thompson, Evan},
  journal={Cognitive science and human experience},
  edition={},
  year={1991}
}

@article{astrand2014comparison,
  title={Comparison of classifiers for decoding sensory and cognitive information from prefrontal neuronal populations},
  author={Astrand, Elaine and Enel, Pierre and Ibos, Guilhem and Dominey, Peter Ford and Baraduc, Pierre and Hamed, Suliann Ben},
  journal={PloS one},
  volume={9},
  number={1},
  pages={e86314},
  year={2014},
  publisher={Public Library of Science}
}

@article{lloyd2012neural,
  title={Neural correlates of temporality: Default mode variability and temporal awareness},
  author={Lloyd, Dan},
  journal={Consciousness and cognition},
  volume={21},
  number={2},
  pages={695--703},
  year={2012},
  publisher={Elsevier}
}
@article{mnih2015human,
  title={Human-level control through deep reinforcement learning},
  author={Mnih, Volodymyr and Kavukcuoglu, Koray and Silver, David and Rusu, Andrei A and Veness, Joel and Bellemare, Marc G and Graves, Alex and Riedmiller, Martin and Fidjeland, Andreas K and Ostrovski, Georg and others},
  journal={Nature},
  volume={518},
  number={7540},
  pages={529},
  year={2015},
  publisher={Nature Publishing Group}
}

@article{tomasi2014dissecting,
  title={Dissecting neural responses to temporal prediction, attention, and memory: effects of reward learning and interoception on time perception},
  author={Tomasi, Dardo and Wang, Gene-Jack and Studentsova, Yana and Volkow, Nora D},
  journal={Cerebral cortex},
  volume={25},
  number={10},
  pages={3856--3867},
  year={2014},
  publisher={Oxford University Press}
}

@article{wittmann2010accumulation,
  title={Accumulation of neural activity in the posterior insula encodes the passage of time},
  author={Wittmann, Marc and Simmons, Alan N and Aron, Jennifer L and Paulus, Martin P},
  journal={Neuropsychologia},
  volume={48},
  number={10},
  pages={3110--3120},
  year={2010},
  publisher={Elsevier}
}

@article{ceunen2016origin,
  title={On the origin of interoception},
  author={Ceunen, Erik and Vlaeyen, Johan WS and Van Diest, Ilse},
  journal={Frontiers in psychology},
  volume={7},
  pages={743},
  year={2016},
  publisher={Frontiers}
}

@article{maniadakis2014time,
  title={Time models and cognitive processes: a review},
  author={Maniadakis, Michail and Trahanias, Panos},
  journal={Frontiers in neurorobotics},
  volume={8},
  pages={7},
  year={2014},
  publisher={Frontiers}
}

@article{paranjpe2005evolution,
  title={Evolution of temporal order in living organisms},
  author={Paranjpe, Dhanashree A and Sharma, Vijay},
  journal={Journal of Circadian Rhythms},
  volume={3},
  number={1},
  pages={7},
  year={2005},
  publisher={BioMed Central}
}

@article{cashmore2003cryptochromes,
  title={Cryptochromes: enabling plants and animals to determine circadian time},
  author={Cashmore, Anthony R},
  journal={Cell},
  volume={114},
  number={5},
  pages={537--543},
  year={2003},
  publisher={Elsevier}
}

@article{bueti2014temporal,
  title={Temporal perceptual learning},
  author={Bueti, Domenica and Buonomano, Dean V},
  journal={Timing \& Time Perception},
  volume={2},
  number={3},
  pages={261--289},
  year={2014},
  publisher={Brill}
}

@article{bueti2011physiological,
  title={Physiological correlates of subjective time: evidence for the temporal accumulator hypothesis},
  author={Bueti, Domenica and Macaluso, Emiliano},
  journal={NeuroImage},
  volume={57},
  number={3},
  pages={1251--1263},
  year={2011},
  publisher={Elsevier}
}

@article{pollatos2014interoceptive,
  title={Interoceptive focus shapes the experience of time},
  author={Pollatos, Olga and Laubrock, Jochen and Wittmann, Marc},
  journal={PloS one},
  volume={9},
  number={1},
  pages={e86934},
  year={2014},
  publisher={Public Library of Science}
}

@article{brea2016prospective,
  title={Prospective coding by spiking neurons},
  author={Brea, Johanni and Ga{\'a}l, Alexisz Tam{\'a}s and Urbanczik, Robert and Senn, Walter},
  journal={PLoS computational biology},
  volume={12},
  number={6},
  pages={e1005003},
  year={2016},
  publisher={Public Library of Science}
}

@article{oprisan2014all,
  title={What is all the noise about in interval timing?},
  author={Oprisan, Sorinel A and Buhusi, Catalin V},
  journal={Philosophical Transactions of the Royal Society of London B: Biological Sciences},
  volume={369},
  number={1637},
  pages={20120459},
  year={2014},
  publisher={The Royal Society}
}

@inproceedings{mack2017medial,
  title={Medial prefrontal cortex compresses concept representations through learning},
  author={Mack, Michael L and Preston, Alison R and Love, Bradley C},
  booktitle={Pattern Recognition in Neuroimaging (PRNI), 2017 International Workshop on},
  pages={1--4},
  year={2017},
  organization={IEEE}
}

@article{mello2015scalable,
  title={A scalable population code for time in the striatum},
  author={Mello, Gustavo BM and Soares, Sofia and Paton, Joseph J},
  journal={Current Biology},
  volume={25},
  number={9},
  pages={1113--1122},
  year={2015},
  publisher={Elsevier}
}

@article{balci2016decision,
  title={A decision model of timing},
  author={Balc{\i}, Fuat and Simen, Patrick},
  journal={Current opinion in behavioral sciences},
  volume={8},
  pages={94--101},
  year={2016},
  publisher={Elsevier}
}

@article{ludvig2008stimulus,
  title={Stimulus representation and the timing of reward-prediction errors in models of the dopamine system},
  author={Ludvig, Elliot A and Sutton, Richard S and Kehoe, E James},
  journal={Neural computation},
  volume={20},
  number={12},
  pages={3034--3054},
  year={2008},
  publisher={MIT Press}
}

@article{kopec2018controlling,
  title={Controlling for temporal discounting shifts rats from geometric to human-like arithmetic bisection},
  author={Kopec, Charles D and Brody, Carlos D},
  journal={bioRxiv},
  pages={245092},
  year={2018},
  publisher={Cold Spring Harbor Laboratory}
}

@article{niv2016reinforcement,
  title={Reinforcement learning with Marr},
  author={Niv, Yael and Langdon, Angela},
  journal={Current opinion in behavioral sciences},
  volume={11},
  pages={67--73},
  year={2016},
  publisher={Elsevier}
}

@article{friston2009free,
  title={The free-energy principle: a rough guide to the brain?},
  author={Friston, Karl},
  journal={Trends in cognitive sciences},
  volume={13},
  number={7},
  pages={293--301},
  year={2009},
  publisher={Elsevier}
}

@article{attwell2001energy,
  title={An energy budget for signaling in the grey matter of the brain},
  author={Attwell, David and Laughlin, Simon B},
  journal={Journal of Cerebral Blood Flow \& Metabolism},
  volume={21},
  number={10},
  pages={1133--1145},
  year={2001},
  publisher={SAGE Publications Sage UK: London, England}
}

@article{selverston2009neural,
  title={Neural mechanisms underlying the generation of the lobster gastric mill motor pattern},
  author={Selverston, Allen and Sz{\"u}cs, Attila and Huerta, Ramon and Pinto, Reynaldo D and Reyes, Marcelo B},
  journal={Frontiers in neural circuits},
  volume={3},
  pages={12},
  year={2009},
  publisher={Frontiers}
}

@book{braitenberg1986vehicles,
  title={Vehicles: Experiments in synthetic psychology},
  author={Braitenberg, Valentino},
  year={1986},
  publisher={MIT press}
}

@article{zhu2012quantitative,
  title={Quantitative imaging of energy expenditure in human brain},
  author={Zhu, Xiao-Hong and Qiao, Hongyan and Du, Fei and Xiong, Qiang and Liu, Xiao and Zhang, Xiaoliang and Ugurbil, Kamil and Chen, Wei},
  journal={Neuroimage},
  volume={60},
  number={4},
  pages={2107--2117},
  year={2012},
  publisher={Elsevier}
}

@article{drew2003effects,
  title={Effects of dopamine antagonists on the timing of two intervals},
  author={Drew, Michael R and Fairhurst, Stephen and Malapani, Chara and Horvitz, Jon C and Balsam, Peter D},
  journal={Pharmacology Biochemistry and Behavior},
  volume={75},
  number={1},
  pages={9--15},
  year={2003},
  publisher={Elsevier}
}

@article{meck2012gene,
  title={Gene-dose dependent effects of methamphetamine on interval timing in dopamine-transporter knockout mice},
  author={Meck, Warren H and Cheng, Ruey-Kuang and MacDonald, Christopher J and Gainetdinov, Raul R and Caron, Marc G and {\c{C}}evik, M{\"u}nire {\"O}zlem},
  journal={Neuropharmacology},
  volume={62},
  number={3},
  pages={1221--1229},
  year={2012},
  publisher={Elsevier}
}

@article{pine2010dopamine,
  title={Dopamine, time, and impulsivity in humans},
  author={Pine, Alex and Shiner, Tamara and Seymour, Ben and Dolan, Raymond J},
  journal={Journal of Neuroscience},
  volume={30},
  number={26},
  pages={8888--8896},
  year={2010},
  publisher={Soc Neuroscience}
}

@article{cheng2016clock,
  title={Clock speed as a window into dopaminergic control of emotion and time perception},
  author={Cheng, Ruey-Kuang and Tipples, Jason and Narayanan, Nandakumar S and Meck, Warren H},
  journal={Timing \& Time Perception},
  volume={4},
  number={1},
  pages={99--122},
  year={2016},
  publisher={Brill}
}

@article{kim2017optogenetic,
  title={Optogenetic stimulation of frontal D1 neurons compensates for impaired temporal control of action in dopamine-depleted mice},
  author={Kim, Young-Cho and Han, Sang-Woo and Alberico, Stephanie L and Ruggiero, Rafael N and De Corte, Benjamin and Chen, Kuan-Hua and Narayanan, Nandakumar S},
  journal={Current Biology},
  volume={27},
  number={1},
  pages={39--47},
  year={2017},
  publisher={Elsevier}
}

@article{shamir2014emerging,
  title={Emerging principles of population coding: in search for the neural code},
  author={Shamir, Maoz},
  journal={Current opinion in neurobiology},
  volume={25},
  pages={140--148},
  year={2014},
  publisher={Elsevier}
}

@book{maturana1987tree,
  title={The tree of knowledge: The biological roots of human understanding.},
  author={Maturana, Humberto R and Varela, Francisco J},
  year={1987},
  edition={Revised Edition},
  publisher={New Science Library/Shambhala Publications}
}

@article{ruder2016overview,
  title={An overview of gradient descent optimization algorithms},
  author={Ruder, Sebastian},
  journal={arXiv preprint arXiv:1609.04747},
  year={2016}
}

@book{dayan2001theoretical,
  title={Theoretical neuroscience},
  author={Dayan, Peter and Abbott, Laurence F},
  volume={806},
  year={2001},
  publisher={Cambridge, MA: MIT Press}
}

@article{purves2014neuroscience,
  title={Neuroscience, 2008},
  author={Purves, Dale and Augustine, George J and Fitzpatrick, David and Hall, WC and LaMantia, AS and McNamara, JO and White, LE},
  journal={De Boeck, Sinauer, Sunderland, Mass},
  year={2014}
}

@article{buzsaki2012origin,
  title={The origin of extracellular fields and currents—EEG, ECoG, LFP and spikes},
  author={Buzs{\'a}ki, Gy{\"o}rgy and Anastassiou, Costas A and Koch, Christof},
  journal={Nature reviews neuroscience},
  volume={13},
  number={6},
  pages={407},
  year={2012},
  publisher={Nature Publishing Group}
}

@book{goodfellow2016deep,
  title={Deep learning},
  author={Goodfellow, Ian and Bengio, Yoshua and Courville, Aaron and Bengio, Yoshua},
  volume={1},
  year={2016},
  publisher={MIT press Cambridge}
}

@article{gershman2014dopamine,
  title={Dopamine ramps are a consequence of reward prediction errors},
  author={Gershman, Samuel J},
  journal={Neural Computation},
  volume={26},
  number={3},
  pages={467--471},
  year={2014},
  publisher={MIT Press}
}

@article{chang2011libsvm,
  title={LIBSVM: a library for support vector machines},
  author={Chang, Chih-Chung and Lin, Chih-Jen},
  journal={ACM transactions on intelligent systems and technology (TIST)},
  volume={2},
  number={3},
  pages={27},
  year={2011},
  publisher={Acm}
}

@book{chomsky2006language,
  title={Language and mind},
  author={Chomsky, Noam},
  year={2006},
  publisher={Cambridge University Press}
}

@article{parker2016timing,
  title={Timing tasks synchronize cerebellar and frontal ramping activity and theta oscillations: implications for cerebellar stimulation in diseases of impaired cognition},
  author={Parker, Krystal L},
  journal={Frontiers in psychiatry},
  volume={6},
  pages={190},
  year={2016},
  publisher={Frontiers}
}

@article{van20168,
  title={8 CHAPTER An Integrative Account of Psychological Time},
  author={van Rijn, Hedderik and Taatgen, Niels A},
  journal={The Oxford Handbook of Cognitive Science},
  pages={151},
  year={2016},
  publisher={Oxford University Press}
}

@article{lewis2003interval,
  title={Interval timing in mice does not rely upon the circadian pacemaker},
  author={Lewis, Penelope A and Miall, RC and Daan, S and Kacelnik, A},
  journal={Neuroscience letters},
  volume={348},
  number={3},
  pages={131--134},
  year={2003},
  publisher={Elsevier}
}

@article{leopoldo2018computational,
  title={Computational neuroscience in the study of cognitive processes},
  author={Leopoldo, Kae and Joselevitch, Christina},
  journal={Psicologia USP},
  volume={29},
  number={1},
  pages={40--49},
  year={2018},
  publisher={SciELO Brasil}
}

@article{lewis2003distinct,
  title={Distinct systems for automatic and cognitively controlled time measurement: evidence from neuroimaging},
  author={Lewis, Penelope A and Miall, R Christopher},
  journal={Current opinion in neurobiology},
  volume={13},
  number={2},
  pages={250--255},
  year={2003},
  publisher={Elsevier}
}

@article{kim2009inactivation,
  title={Inactivation of medial prefrontal cortex impairs time interval discrimination in rats},
  author={Kim, Jieun and Jung, Amy H and Byun, Jayoung and Jo, Suhyun and Jung, Min W},
  journal={Frontiers in behavioral neuroscience},
  volume={3},
  pages={38},
  year={2009},
  publisher={Frontiers}
}

@article{gouvea2015striatal,
  title={Striatal dynamics explain duration judgments},
  author={Gouv{\^e}a, Thiago S and Monteiro, Tiago and Motiwala, Asma and Soares, Sofia and Machens, Christian and Paton, Joseph J},
  journal={Elife},
  volume={4},
  year={2015},
  publisher={eLife Sciences Publications, Ltd}
}

@article{nichelli1996perceptual,
  title={Perceptual timing in cerebellar degeneration},
  author={Nichelli, Paolo and Alway, David and Grafman, Jordan},
  journal={Neuropsychologia},
  volume={34},
  number={9},
  pages={863--871},
  year={1996},
  publisher={Elsevier}
}

@article{tiganj2016sequential,
  title={Sequential firing codes for time in rodent medial prefrontal cortex},
  author={Tiganj, Zoran and Jung, Min Whan and Kim, Jieun and Howard, Marc W},
  journal={Cerebral Cortex},
  volume={27},
  number={12},
  pages={5663--5671},
  year={2016},
  publisher={Oxford University Press}
}


@article{pasupathy2005different,
  title={Different time courses of learning-related activity in the prefrontal cortex and striatum},
  author={Pasupathy, Anitha and Miller, Earl K},
  journal={Nature},
  volume={433},
  number={7028},
  pages={873},
  year={2005},
  publisher={Nature Publishing Group}
}

@article{morrison2009convergence,
  title={The convergence of information about rewarding and aversive stimuli in single neurons},
  author={Morrison, Sara E and Salzman, C Daniel},
  journal={Journal of Neuroscience},
  volume={29},
  number={37},
  pages={11471--11483},
  year={2009},
  publisher={Soc Neuroscience}
}

@article{kim2013neural,
  title={Neural correlates of interval timing in rodent prefrontal cortex},
  author={Kim, Jieun and Ghim, Jeong-Wook and Lee, Ji Hyun and Jung, Min Whan},
  journal={Journal of Neuroscience},
  volume={33},
  number={34},
  pages={13834--13847},
  year={2013},
  publisher={Soc Neuroscience}
}
@article{gibbon1977scalar,
  title={Scalar expectancy theory and Weber's law in animal timing.},
  author={Gibbon, John},
  journal={Psychological review},
  volume={84},
  number={3},
  pages={279},
  year={1977},
  publisher={American Psychological Association}
}

@article{buhusi2018inactivation,
  title={Inactivation of the medial-prefrontal cortex impairs interval timing precision, but not timing accuracy or scalar timing in a peak-interval procedure in rats},
  author={Buhusi, Catalin V and Reyes, Marcelo B and Gathers, Cody-Aaron and Oprisan, Sorinel A and Buhusi, Mona},
  journal={Frontiers in integrative neuroscience},
  volume={12},
  year={2018},
  publisher={Frontiers Media SA}
}

@article{mauk2004neural,
  title={The neural basis of temporal processing},
  author={Mauk, Michael D and Buonomano, Dean V},
  journal={Annu. Rev. Neurosci.},
  volume={27},
  pages={307--340},
  year={2004},
  publisher={Annual Reviews}
}

@article{helie2015learning,
  title={Learning robust cortico-cortical associations with the basal ganglia: An integrative review},
  author={H{\'e}lie, S{\'e}bastien and Ell, Shawn W and Ashby, F Gregory},
  journal={Cortex},
  volume={64},
  pages={123--135},
  year={2015},
  publisher={Elsevier}
}

@article{starkweather2018medial,
  title={The Medial Prefrontal Cortex Shapes Dopamine Reward Prediction Errors under State Uncertainty},
  author={Starkweather, Clara Kwon and Gershman, Samuel J and Uchida, Naoshige},
  journal={Neuron},
  year={2018},
  publisher={Elsevier}
}

@article{kawai2015motor,
  title={Motor cortex is required for learning but not for executing a motor skill},
  author={Kawai, Risa and Markman, Timothy and Poddar, Rajesh and Ko, Raymond and Fantana, Antoniu L and Dhawale, Ashesh K and Kampff, Adam R and {\"O}lveczky, Bence P},
  journal={Neuron},
  volume={86},
  number={3},
  pages={800--812},
  year={2015},
  publisher={Elsevier}
}

@article{buhusi2005makes,
  title={What makes us tick? Functional and neural mechanisms of interval timing},
  author={Buhusi, Catalin V and Meck, Warren H},
  journal={Nature Reviews Neuroscience},
  volume={6},
  number={10},
  pages={755},
  year={2005},
  publisher={Nature Publishing Group}
}
@article{antzoulatos2011differences,
  title={Differences between neural activity in prefrontal cortex and striatum during learning of novel abstract categories},
  author={Antzoulatos, Evan G and Miller, Earl K},
  journal={Neuron},
  volume={71},
  number={2},
  pages={243--249},
  year={2011},
  publisher={Elsevier}
}

@article{gerstner2012theory,
  title={Theory and simulation in neuroscience},
  author={Gerstner, Wulfram and Sprekeler, Henning and Deco, Gustavo},
  journal={Science},
  volume={338},
  number={6103},
  pages={60--65},
  year={2012},
  publisher={American Association for the Advancement of Science}
}

@article{bal1988pyloric,
  title={The pyloric central pattern generator in crustacea: a set of conditional neuronal oscillators},
  author={Bal, Thierry and Nagy, Fr{\'e}d{\'e}ric and Moulins, Maurice},
  journal={Journal of Comparative Physiology A},
  volume={163},
  number={6},
  pages={715--727},
  year={1988},
  publisher={Springer}
}


@article{paton2018neural,
  title={The Neural Basis of Timing: Distributed Mechanisms for Diverse Functions},
  author={Paton, Joseph J and Buonomano, Dean V},
  journal={Neuron},
  volume={98},
  number={4},
  pages={687--705},
  year={2018},
  publisher={Elsevier}
}
@article{prinz2004similar,
  title={Similar network activity from disparate circuit parameters},
  author={Prinz, Astrid A and Bucher, Dirk and Marder, Eve},
  journal={Nature neuroscience},
  volume={7},
  number={12},
  pages={1345},
  year={2004},
  publisher={Nature Publishing Group}
}

@article{hardy2016neurocomputational,
  title={Neurocomputational models of interval and pattern timing},
  author={Hardy, Nicholas F and Buonomano, Dean V},
  journal={Current opinion in behavioral sciences},
  volume={8},
  pages={250--257},
  year={2016},
  publisher={Elsevier}
}

@article{buhusi2016clocks,
  title={Clocks within clocks: timing by coincidence detection},
  author={Buhusi, Catalin V and Oprisan, Sorinel A and Buhusi, Mona},
  journal={Current opinion in behavioral sciences},
  volume={8},
  pages={207--213},
  year={2016},
  publisher={Elsevier}
}

@article{matthews2014time,
  title={Time perception: the bad news and the good},
  author={Matthews, William J and Meck, Warren H},
  journal={Wiley Interdisciplinary Reviews: Cognitive Science},
  volume={5},
  number={4},
  pages={429--446},
  year={2014},
  publisher={Wiley Online Library}
}

@article{durstewitz2010abrupt,
  title={Abrupt transitions between prefrontal neural ensemble states accompany behavioral transitions during rule learning},
  author={Durstewitz, Daniel and Vittoz, Nicole M and Floresco, Stan B and Seamans, Jeremy K},
  journal={Neuron},
  volume={66},
  number={3},
  pages={438--448},
  year={2010},
  publisher={Elsevier}
}

@article{harrington2004does,
  title={Does the representation of time depend on the cerebellum? Effect of cerebellar stroke},
  author={Harrington, Deborah L and Lee, Roland R and Boyd, Lara A and Rapcsak, Steven Z and Knight, Robert T},
  journal={Brain},
  volume={127},
  number={3},
  pages={561--574},
  year={2004},
  publisher={Oxford University Press}
}

@article{ohmae2017cerebellar,
  title={Cerebellar roles in self-timing for sub-and supra-second intervals},
  author={Ohmae, Shogo and Kunimatsu, Jun and Tanaka, Masaki},
  journal={Journal of Neuroscience},
  volume={37},
  number={13},
  pages={3511--3522},
  year={2017},
  publisher={Soc Neuroscience}
}

@article{narayanan2009delay,
  title={Delay activity in rodent frontal cortex during a simple reaction time task},
  author={Narayanan, Nandakumar S and Laubach, Mark},
  journal={Journal of neurophysiology},
  volume={101},
  number={6},
  pages={2859--2871},
  year={2009},
  publisher={American Physiological Society}
}

@article{cho2010differential,
  title={Differential involvement of prefrontal cortex, striatum, and hippocampus in DRL performance in mice},
  author={Cho, Yoon H and Jeantet, Yannick},
  journal={Neurobiology of learning and memory},
  volume={93},
  number={1},
  pages={85--91},
  year={2010},
  publisher={Elsevier}
}

@article{skopt, title={Scikit-Optimize/Scikit-Optimize: V0.5.2}, DOI={10.5281/zenodo.1207017}, abstractNote={Version 0.5.2 Bug fixes Separated <code>n_points</code> from <code>n_jobs</code> in <code>BayesSearchCV</code>. Dimensions now support boolean np.arrays. Maintenance <code>matplotlib</code> is now an optional requirement (install with <code>pip install “scikit-optimize[plots]”</code>)}, publisher={Zenodo}, author={Head, Tim and MechCoder and Louppe, Gilles and Iaroslav Shcherbatyi and Fcharras and Zé Vinícius and Cmmalone and Schröder, Christopher and Nel215 and Campos, Nuno and et al.}, year={2018}, month={Mar}}

@article{schuck2015medial,
  title={Medial prefrontal cortex predicts internally driven strategy shifts},
  author={Schuck, Nicolas W and Gaschler, Robert and Wenke, Dorit and Heinzle, Jakob and Frensch, Peter A and Haynes, John-Dylan and Reverberi, Carlo},
  journal={Neuron},
  volume={86},
  number={1},
  pages={331--340},
  year={2015},
  publisher={Elsevier}
}

@article{bakhurin2017differential,
  title={Differential encoding of time by prefrontal and striatal network dynamics},
  author={Bakhurin, Konstantin I and Goudar, Vishwa and Shobe, Justin L and Claar, Leslie D and Buonomano, Dean V and Masmanidis, Sotiris C},
  journal={Journal of Neuroscience},
  volume={37},
  number={4},
  pages={854--870},
  year={2017},
  publisher={Soc Neuroscience}
}

@article{maggi2018ensemble,
  title={An ensemble code in medial prefrontal cortex links prior events to outcomes during learning},
  author={Maggi, Silvia and Peyrache, Adrien and Humphries, Mark D},
  journal={Nature communications},
  volume={9},
  number={1},
  pages={2204},
  year={2018},
  publisher={Nature Publishing Group}
}

@article{chen2010shrinkage,
  title={Shrinkage algorithms for MMSE covariance estimation},
  author={Chen, Yilun and Wiesel, Ami and Eldar, Yonina C and Hero, Alfred O},
  journal={IEEE Transactions on Signal Processing},
  volume={58},
  number={10},
  pages={5016--5029},
  year={2010},
  publisher={IEEE}
}

@incollection{narayanan2009methods,
  title={Methods for studying functional interactions among neuronal populations},
  author={Narayanan, Nandakumar S and Laubach, Mark},
  booktitle={Dynamic Brain Imaging},
  pages={135--165},
  year={2009},
  publisher={Springer}
}

@article{hawkins2016neurons,
  title={Why neurons have thousands of synapses, a theory of sequence memory in neocortex},
  author={Hawkins, Jeff and Ahmad, Subutai},
  journal={Frontiers in neural circuits},
  volume={10},
  pages={23},
  year={2016},
  publisher={Frontiers}
}

@article{murray2017learning,
  title={Learning multiple variable-speed sequences in striatum via cortical tutoring},
  author={Murray, James M and others},
  journal={Elife},
  volume={6},
  pages={e26084},
  year={2017},
  publisher={eLife Sciences Publications Limited}
}


@inproceedings{chen2016xgboost,
  title={Xgboost: A scalable tree boosting system},
  author={Chen, Tianqi and Guestrin, Carlos},
  booktitle={Proceedings of the 22nd acm sigkdd international conference on knowledge discovery and data mining},
  pages={785--794},
  year={2016},
  organization={ACM}
}

@inproceedings{ke2017lightgbm,
  title={Lightgbm: A highly efficient gradient boosting decision tree},
  author={Ke, Guolin and Meng, Qi and Finley, Thomas and Wang, Taifeng and Chen, Wei and Ma, Weidong and Ye, Qiwei and Liu, Tie-Yan},
  booktitle={Advances in Neural Information Processing Systems},
  pages={3146--3154},
  year={2017}
}

@article{scikit-learn,
 title={Scikit-learn: Machine Learning in {P}ython},
 author={Pedregosa, F. and Varoquaux, G. and Gramfort, A. and Michel, V.
         and Thirion, B. and Grisel, O. and Blondel, M. and Prettenhofer, P.
         and Weiss, R. and Dubourg, V. and Vanderplas, J. and Passos, A. and
         Cournapeau, D. and Brucher, M. and Perrot, M. and Duchesnay, E.},
 journal={Journal of Machine Learning Research},
 volume={12},
 pages={2825--2830},
 year={2011}
}

@incollection{mosler2013depth,
  title={Depth statistics},
  author={Mosler, Karl},
  booktitle={Robustness and complex data structures},
  pages={17--34},
  year={2013},
  publisher={Springer}
}

@misc{murphy2012machine,
  title={Machine Learning: A Probabilistic Perspective. Adaptive Computation and Machine Learning},
  author={Murphy, Kevin P},
  year={2012},
  publisher={MIT press}
}

@article{dubois2015single,
  title={Single-unit recordings in the macaque face patch system reveal limitations of fMRI MVPA},
  author={Dubois, Julien and de Berker, Archy Otto and Tsao, Doris Ying},
  journal={Journal of Neuroscience},
  volume={35},
  number={6},
  pages={2791--2802},
  year={2015},
  publisher={Soc Neuroscience}
}

@incollection{kool2018competition,
  title={Competition and cooperation between multiple reinforcement learning systems},
  author={Kool, Wouter and Cushman, Fiery A and Gershman, Samuel J},
  booktitle={Goal-Directed Decision Making},
  pages={153--178},
  year={2018},
  publisher={Elsevier}
}

@article{simen2011model,
  title={A model of interval timing by neural integration},
  author={Simen, Patrick and Balci, Fuat and Cohen, Jonathan D and Holmes, Philip and others},
  journal={Journal of Neuroscience},
  volume={31},
  number={25},
  pages={9238--9253},
  year={2011},
  publisher={Soc Neuroscience}
}

@article{carlson2014orientation,
  title={Orientation decoding in human visual cortex: new insights from an unbiased perspective},
  author={Carlson, Thomas A},
  journal={Journal of Neuroscience},
  volume={34},
  number={24},
  pages={8373--8383},
  year={2014},
  publisher={Soc Neuroscience}
}

@article{machado2009learning,
  title={Learning to time: A perspective},
  author={Machado, Armando and Malheiro, Maria Teresa and Erlhagen, Wolfram},
  journal={Journal of the experimental analysis of behavior},
  volume={92},
  number={3},
  pages={423--458},
  year={2009},
  publisher={Wiley Online Library}
}